<?xml version="1.0" encoding="UTF-8"?><collection xmlns="http://www.loc.gov/MARC21/slim"><record><leader>00397nam--2200145-i-4500</leader><controlfield tag="001">000047810</controlfield><controlfield tag="002">20161230</controlfield><controlfield tag="005">20161230201046</controlfield><controlfield tag="008">060222s1000------------r-----000-0-eng-d</controlfield><datafield ind1=" " ind2=" " tag="080"><subfield code="a">681.14</subfield></datafield><datafield ind1=" " ind2=" " tag="100"><subfield code="a">Youden, W.W</subfield></datafield><datafield ind1=" " ind2=" " tag="245"><subfield code="a">Computer literature bibliography 1946 to 1963</subfield></datafield><datafield ind1=" " ind2=" " tag="260"><subfield code="a">Washington, U.S.Dept.Of Commerce, 1965, Iv+463p</subfield></datafield><datafield ind1=" " ind2=" " tag="490"><subfield code="a">N.B.S.Miscellaneous Publication</subfield></datafield><datafield ind1=" " ind2=" " tag="852"><subfield code="a">D.1166</subfield></datafield></record></collection>